<record><leader>00902crm a2200253 a 4500</leader><controlfield tag="001">1330813</controlfield><controlfield tag="008">901023s1985    nyu               aneng c</controlfield><datafield ind1=" " ind2=" " tag="035"><subfield code="a">ocm70306207</subfield></datafield><datafield ind1=" " ind2=" " tag="040"><subfield code="b">eng</subfield></datafield><datafield ind1=" " ind2=" " tag="049"><subfield code="a">AEU</subfield><subfield code="b">eng</subfield></datafield><datafield ind1=" " ind2="3" tag="055"><subfield code="a">N 7433.4 C97</subfield><subfield code="b">A6 A62 1985</subfield></datafield><datafield ind1="0" ind2=" " tag="090"><subfield code="a">N 7433.4 C97 A6 A62 1985</subfield></datafield><datafield ind1="1" ind2=" " tag="100"><subfield code="a">Cummins, Maureen.</subfield></datafield><datafield ind1="1" ind2="0" tag="245"><subfield code="a">Aphrodisiacs from A to Z</subfield><subfield code="h">[art original] /</subfield><subfield code="c">Maureen Cummins.</subfield></datafield><datafield ind1=" " ind2=" " tag="260"><subfield code="a">New York :</subfield><subfield code="b">Rhinoceros Press,</subfield><subfield code="c">[1985?]</subfield></datafield><datafield ind1=" " ind2=" " tag="300"><subfield code="a">1 artist's book (59 p.) :</subfield><subfield code="b">col. ;</subfield><subfield code="c">22 cm.</subfield></datafield><datafield ind1=" " ind2=" " tag="336"><subfield code="a">three-dimensional form</subfield><subfield code="b">tdf</subfield><subfield code="2">rdacontent</subfield></datafield><datafield ind1=" " ind2=" " tag="338"><subfield code="a">object</subfield><subfield code="b">nr</subfield><subfield code="2">rdacarrier</subfield></datafield><datafield ind1=" " ind2=" " tag="500"><subfield code="a">Edition of 10 copies printed.</subfield></datafield><datafield ind1=" " ind2=" " tag="590"><subfield code="a">Library has copy no. 2, signed by the artist.</subfield></datafield><datafield ind1=" " ind2=" " tag="596"><subfield code="a">50</subfield></datafield><datafield ind1="1" ind2="0" tag="600"><subfield code="a">Cummins, Maureen.</subfield></datafield><datafield ind1=" " ind2="0" tag="650"><subfield code="a">Artists' books</subfield><subfield code="z">United States.</subfield></datafield><datafield ind1=" " ind2=" " tag="926"><subfield code="a">N 7433.4 C97 A6 A62 1985</subfield><subfield code="w">LC</subfield><subfield code="c">1</subfield><subfield code="i">000034790972</subfield><subfield code="l">SPECIALCOL</subfield><subfield code="m">UASPCOLL</subfield><subfield code="p">$150.00</subfield><subfield code="r">Y</subfield><subfield code="s">Y</subfield><subfield code="t">NO_LOAN</subfield><subfield code="u">10/31/1990</subfield></datafield></record>